@article{Curtis12,
    Author = {Joseph E. Curtis},
    Title = {{SASSIE: A program to study intrinsically disordered biological molecules and macromolecular ensembles using experimental scattering restraints}},
    Journal = {{Computer Physics Communications}},
    Year = {2012},
    Volume = {{183}},
    Number = {{2}},
    Pages = {{382-389}},
    Month = {{FEB}},
    DOI = {10.1016/j.cpc.2011.09.010},
    ISSN = {{0010-4655}},
    Author-Email = {{joseph.curtis@nist.gov}},
    Journal-ISO = {{Comput. Phys. Commun.}},
    Unique-ID = {{ISI:000298531400019}}
}

@article{Svergun95,
Author = {D. Svergun},
Title = {{CRYSOL - A program to evaluate X-ray solution scattering of biological
   macromolecules from atomic coordinates}},
Journal = {{Journal of Applied Crystallography}},
Year = {1995},
Volume = {{28}},
Number = {{6}},
Pages = {{768-773}},
Month = {{DEC 1}},
DOI = {10.1107/S0021889895007047},
ISSN = {{0021-8898}},
Unique-ID = {{ISI:A1995TP80300013}},
}

@article{Affentranger06,
Author = {R. Affentranger},
Title = {{A novel Hamiltonian replica exchange MD protocol to enhance protein
   conformational space sampling}},
Journal = {{Journal of Chemical Theory and Computation}},
Year = {2006},
Volume = {{2}},
Number = {{2}},
Pages = {{217-228}},
Month = {{MAR-APR}},
DOI = {10.1021/ct050250b},
ISSN = {{1549-9618}},
EISSN = {{1549-9626}},
ResearcherID-Numbers = {{Tavernelli, Ivano/H-5204-2012}},
Unique-ID = {{ISI:000236056600001}},
}

@article{Rozycki11,
Author = {B. Rozycki},
Title = {{SAXS Ensemble Refinement of ESCRT-III CHMP3 Conformational Transitions}},
Journal = {{Structure}},
Year = {2011},
Volume = {{19}},
Number = {{1}},
Pages = {{109-116}},
Month = {{JAN 12}},
DOI = {10.1016/j.str.2010.10.006},
ISSN = {{0969-2126}},
ResearcherID-Numbers = {{Rozycki, Bartosz/B-7005-2009
   Hummer, Gerhard/A-2546-2013}},
ORCID-Numbers = {{Rozycki, Bartosz/0000-0001-5938-7308
   Hummer, Gerhard/0000-0001-7768-746X}},
Unique-ID = {{ISI:000286348000014}},
}

@article{Krzeminski13,
Author = {M. Krzeminski},
Title = {{Characterization of disordered proteins with ENSEMBLE}},
Journal = {{Bioinformatics}},
Year = {2013},
Volume = {{29}},
Number = {{3}},
Pages = {{398-399}},
Month = {{FEB 1}},
DOI = {10.1093/bioinformatics/bts701},
ISSN = {{1367-4803}},
Unique-ID = {{ISI:000314892000018}},
}

@article{ Kabsch76,
Author = {W. Kabsch},
Title = {{Solution for best rotatation to relate 2 sets of vectors}},
Journal = {{Acta Crystallograpica Section A}},
Year = {1976},
Volume = {{32}},
Number = {{SEP1}},
Pages = {{922-923}},
DOI = {10.1107/S0567739476001873},
ISSN = {{0108-7673}},
Unique-ID = {{ISI:A1976CD98100035}},
}

@article{ Michaud11,
Author = {N. Michaud-Agrawal},
Title = {{MDAnalysis: A Toolkit for the Analysis of Molecular Dynamics Simulations}},
Journal = {{Journal of Computational Chemistry}},
Year = {2011},
Volume = {{32}},
Pages = {{2319â€“2327}},
DOI = {10.1002/jcc.21787},
}

@article{ Gowers2016,
Author = {R. J. Gowers},
Title = {{MDAnalysis: A Python package for the rapid analysis of molecular dynamics simulations}},
Journal = {{Proceedings of the 15th Python in Science Conference}},
Year = {2016},
Pages = {{98-105}},
}

@article{ Kabsch83,
author = {W. Kabsch},
title = {{Dictionary of protein secondary structure: Pattern recognition of hydrogen-bonded and geometrical features}},
journal = {{Biopolymers}},
Year = {1983},
volume = {{22}},
number = {{12}},
pages = {{2577-2637}},
DOI = {10.1002/bip.360221211},
}

@article{ McGibbon15,
Author = {R. T. McGibbon},
Title = {{MDTraj: A Modern Open Library for the Analysis of Molecular Dynamics
   Trajectories}},
Journal = {{BIOPHYSICAL JOURNAL}},
Year = {2015},
Volume = {{109}},
Number = {{8}},
Pages = {{1528-1532}},
Month = {{OCT 20}},
DOI = {10.1016/j.bpj.2015.08.015},
ISSN = {{0006-3495}},
EISSN = {{1542-0086}},
}
